@article{article:Soudy:2022,
author = {Soudy, Mohamed and Afify, Yasmine and Badr, Nagwa},
year = {2022},
month = {04},
pages = {1-11},
title = {RepConv: A novel architecture for image scene classification on Intel scenes dataset},
journal = {International Journal of Intelligent Computing and Information Sciences},
doi = {10.21608/ijicis.2022.118834.1163}
}

@misc{web:CNN_VGG16_MobileNet:2024,
  author = {Divyanshu Srivastava},
  title = {Intel CNN vs VGG16 vs MobileNet},
  year = {2024},
  note = {Last accessed 5 June 2024},
  url = {https://www.kaggle.com/code/divyanshuxyz/intel-cnn-vs-vgg16-vs-mobilenet}
}

@misc{VGG16Tuning,
  author = {Waleed Ijaz},
  title = {Intel Image classification - VGG16 - Val\_acc: 92.4\%},
  year = {2024},
  note = {Last accessed 5 June 2024},
  url = {https://www.kaggle.com/code/waleedejaz/intel-image-classification-vgg16-val-acc-92-4}
}

@INPROCEEDINGS{MobileNet_EfficientNet,
  author={Kaur, Arshleen and Kukreja, Vinay and Thapliyal, Nitin and Aeri, Manisha and Sharma, Rishabh and Hariharan, Shanmugasundaram},
  booktitle={2024 3rd International Conference for Innovation in Technology (INOCON)}, 
  title={Fine-tuned EfficientNet and MobileNetV2 Models for Intel Images Classification}, 
  year={2024},
  pages={1-5},
  keywords={Training;Deep learning;Technological innovation;Sorting;Testing;Image classification;Intel images;natural scenes;image classification;MobileNetV2;EfficientNet},
  doi={10.1109/INOCON60754.2024.10512279}
}


@misc{web:IntelAlexNet:2020,
  author = {Keshav Tangri},
  title = {Multi-Class Image Classification using Alexnet Deep Learning Network implemented in Keras API},
  year = {2020},
  note = {Last accessed 20 June 2024},
  URL = {https://medium.com/analytics-vidhya/multi-class-image-classification-using-alexnet-deep-learning-network-implemented-in-keras-api-c9ae7bc4c05f}
}

@misc{web:dataset:2019,
  author = {Puneet Bansal},
  title = {Intel Image Classification},
  year = {2019},
  note = {Last accessed 8 June 2024},
  url = {https://www.kaggle.com/datasets/puneet6060/intel-image-classification}
}

@misc{web:MobileNetV2:2019,
  author = {Sik-Ho Tsang},
  title = {Review: MobileNetV2 â€” Light Weight Model (Image Classification)},
  year = {2019},
  note = {Last accessed 19 June 2024},
  url = {https://towardsdatascience.com/review-mobilenetv2-light-weight-model-image-classification-8febb490e61c}
}


@misc{web:VGG16:2024,
  author = {Pawangfg},
  title = {VGG-16 | Modelo CNN},
  year = {2024},
  note = {Last accessed 19 June 2024},
  url = {https://www.geeksforgeeks.org/vgg-16-cnn-model/}
}

@misc{web:AlexNet:2022,
    title = {AlexNet Architecture Explained},
    year = {2022},
    note = {Last accessed 19 June 2024},
    URL = {https://medium.com/@siddheshb008/alexnet-architecture-explained-b6240c528bd5}
}